<record><leader>00000cas a2200000 a 4500</leader><controlfield tag="001">13385829</controlfield><controlfield tag="008">860403d18841898paudr ne      0    0eng c</controlfield><datafield ind1=" " ind2=" " tag="010"><subfield code="a">sn 86063558 </subfield></datafield><datafield ind1=" " ind2=" " tag="040"><subfield code="a">KSH</subfield><subfield code="b">eng</subfield><subfield code="c">KSH</subfield><subfield code="d">NPT</subfield><subfield code="d">DLC</subfield><subfield code="d">NPH</subfield><subfield code="d">DLC</subfield><subfield code="d">MGN</subfield><subfield code="d">DLC</subfield><subfield code="d">OCLCQ</subfield></datafield><datafield ind1=" " ind2=" " tag="042"><subfield code="a">pcc</subfield></datafield><datafield ind1=" " ind2=" " tag="043"><subfield code="a">n-us-pa</subfield></datafield><datafield ind1="0" ind2="0" tag="050"><subfield code="a">Newspaper</subfield></datafield><datafield ind1="0" ind2=" " tag="130"><subfield code="a">Evening item (Philadelphia, Pa.)</subfield></datafield><datafield ind1="1" ind2="4" tag="245"><subfield code="a">The Evening item.</subfield></datafield><datafield ind1="1" ind2=" " tag="246"><subfield code="i">Issues for Sunday have title:</subfield><subfield code="a">Sunday item</subfield></datafield><datafield ind1="1" ind2="3" tag="246"><subfield code="a">Item</subfield></datafield><datafield ind1="1" ind2="3" tag="246"><subfield code="a">Item and Sun</subfield></datafield><datafield ind1=" " ind2=" " tag="260"><subfield code="a">Philadelphia, Pa. :</subfield><subfield code="b">Harrington Fitzgerald,</subfield><subfield code="c">1884-1898.</subfield></datafield><datafield ind1=" " ind2=" " tag="300"><subfield code="a">15 v. :</subfield><subfield code="b">ill. ;</subfield><subfield code="c">44-57 cm.</subfield></datafield><datafield ind1=" " ind2=" " tag="310"><subfield code="a">Daily</subfield></datafield><datafield ind1="0" ind2=" " tag="362"><subfield code="a">37th year (Jan. 2, 1884)-51st year (Jan. 29, 1898).</subfield></datafield><datafield ind1=" " ind2=" " tag="500"><subfield code="a">"Baseball extra" with title: Sporting item, &lt;Feb. 6, 1892-Apr. 1, 1893; May 6-June 19, 1897&gt;; with title: Evening item, &lt;Apr. 22-May 5, 1897&gt;.</subfield></datafield><datafield ind1=" " ind2=" " tag="530"><subfield code="a">Also issued on microfilm from the Library of Congress, Photoduplication Service.</subfield></datafield><datafield ind1=" " ind2=" " tag="580"><subfield code="a">Issued also in a morning ed. called: Item (Philadelphia, Pa. : Daily); and in a Sunday ed. called: Sunday item.</subfield></datafield><datafield ind1=" " ind2=" " tag="752"><subfield code="a">United States</subfield><subfield code="b">Pennsylvania</subfield><subfield code="c">Philadelphia</subfield><subfield code="d">Philadelphia.</subfield></datafield><datafield ind1="1" ind2=" " tag="775"><subfield code="t">Sunday item</subfield><subfield code="w">(DLC)sn 85038484</subfield></datafield><datafield ind1="0" ind2="0" tag="780"><subfield code="t">Sun (Philadelphia, Pa.)</subfield></datafield><datafield ind1="0" ind2="0" tag="785"><subfield code="t">Philadelphia evening item</subfield><subfield code="w">(DLC)sn 85055160</subfield></datafield><datafield ind1="1" ind2=" " tag="029"><subfield code="a">AU@</subfield><subfield code="b">000025814019</subfield></datafield></record>